<?xml version="1.0" encoding="UTF-8"?><record xmlns="http://www.loc.gov/MARC21/slim" xmlns:cinclude="http://apache.org/cocoon/include/1.0" xmlns:zs="http://www.loc.gov/zing/srw/">
  <leader>00487cz  a2200157n  4500</leader>
  <controlfield tag="001">n  78011172 </controlfield>
  <controlfield tag="003">DLC</controlfield>
  <controlfield tag="005">20090306075058.0</controlfield>
  <controlfield tag="008">780313n| acannaabn          |a aaa      </controlfield>
  <datafield tag="010" ind1=" " ind2=" ">
    <subfield code="a">n  78011172 </subfield>
  </datafield>
  <datafield tag="035" ind1=" " ind2=" ">
    <subfield code="a">(OCoLC)oca00147666</subfield>
  </datafield>
  <datafield tag="040" ind1=" " ind2=" ">
    <subfield code="a">DLC</subfield>
    <subfield code="b">eng</subfield>
    <subfield code="c">DLC</subfield>
    <subfield code="d">OCoLC</subfield>
  </datafield>
  <datafield tag="100" ind1="1" ind2=" ">
    <subfield code="a">Bordowicz, Maciej Zenon</subfield>
  </datafield>
  <datafield tag="400" ind1="1" ind2=" ">
    <subfield code="a">Bordowicz, Maciej Z.</subfield>
    <subfield code="q">(Zenon)</subfield>
  </datafield>
  <datafield tag="670" ind1=" " ind2=" ">
    <subfield code="a">His Longplay, 1977:</subfield>
    <subfield code="b">t.p. (Maciej Zenon Bordowicz)</subfield>
  </datafield>
  <datafield tag="670" ind1=" " ind2=" ">
    <subfield code="a">His Sezon po mnie, 1979:</subfield>
    <subfield code="b">t.p. (Maciej Z. Bordowicz) jkt. (b. 1941)</subfield>
  </datafield>
</record>